@article{rauber2002,
  author    = {A. Rauber and D. Merkl and M. Dittenbach},
  title     = {The growing hierarchical self-organizing map: Exploratory analysis of high-dimensional data},
  journal   = {IEEE Transactions on Neural Networks},
  volume    = {13},
  number    = {6},
  pages     = {1331--1341},
  year      = {2002},
  doi       = {10.1109/TNN.2002.804221}
}

@inproceedings{yu2019,
  author    = {H. Yu and T. Nghia and B. K. Hsiang Low and P. Jaillet},
  title     = {Stochastic Variational Inference for Bayesian Sparse Gaussian Process Regression},
  booktitle = {Proceedings of the 2019 International Joint Conference on Neural Networks (IJCNN)},
  pages     = {1--8},
  year      = {2019},
  publisher = {IEEE},
  doi       = {10.1109/IJCNN.2019.8852481}
}

@misc{lan2021,
  author    = {Q. Lan},
  title     = {Variational quantum soft actor-critic},
  year      = {2021},
  eprint    = {2112.11921},
  archivePrefix = {arXiv},
  primaryClass  = {quant-ph},
  url       = {https://arxiv.org/abs/2112.11921}
}

@inproceedings{agrawal2012,
  author    = {S. Agrawal and N. Goyal},
  title     = {Analysis of Thompson Sampling for the Multi-armed Bandit Problem},
  booktitle = {Proceedings of Machine Learning Research},
  volume    = {23},
  pages     = {39.1--39.26},
  year      = {2012},
  url       = {https://proceedings.mlr.press/v23/agrawal12/agrawal12.pdf}
}

@article{czarnik2023,
  author    = {P. Czarnik and A. Arrasmith and L. Cincio and P. J. Coles and S. Endo},
  title     = {Error mitigation for near-term quantum devices},
  journal   = {Nature Physics},
  volume    = {19},
  pages     = {898--909},
  year      = {2023},
  doi       = {10.1038/s41567-023-02042-2}
}

@misc{giurgica2020,
  author    = {T. Giurgica-Tiron and Y. Hindy and R. LaRose and A. Mari and W. J. Zeng},
  title     = {Digital zero noise extrapolation for quantum error mitigation},
  year      = {2020},
  eprint    = {2005.10921},
  archivePrefix = {arXiv},
  primaryClass  = {quant-ph},
  url       = {https://arxiv.org/abs/2005.10921}
}

@misc{barron2020,
  author    = {G. S. Barron and C. J. Wood},
  title     = {Measurement Error Mitigation for Variational Quantum Algorithms},
  year      = {2020},
  eprint    = {2010.08520},
  archivePrefix = {arXiv},
  primaryClass  = {quant-ph},
  url       = {https://arxiv.org/abs/2010.08520}
}

@misc{belliardo2025,
  author    = {F. Belliardo and E. M. Gauger and T. H. Taminiau and Y. Altmann and C. Bonato},
  title     = {A multi-dimensional quantum estimation and model learning framework based on variational Bayesian inference},
  year      = {2025},
  eprint    = {2507.23130},
  archivePrefix = {arXiv},
  doi       = {10.48550/arXiv.2507.23130},
  url       = {https://doi.org/10.48550/arXiv.2507.23130}
}
